<?xml version="1.0" encoding="UTF-8"?><collection><record><leader>01797ntm a2200301 a 4500</leader><controlfield tag="001">002641712</controlfield><controlfield tag="003">MiAaHDL</controlfield><controlfield tag="005">20190719000000.0</controlfield><controlfield tag="006">m        d        </controlfield><controlfield tag="007">cr bn ---auaua</controlfield><controlfield tag="008">930712s1857    xx            00| | ara d</controlfield><datafield tag="035" ind1=" " ind2=" "><subfield code="a">(MiU)002641712</subfield></datafield><datafield tag="035" ind1=" " ind2=" "><subfield code="a">sdr-miu002641712</subfield></datafield><datafield tag="035" ind1=" " ind2=" "><subfield code="a">(OCoLC)34366679</subfield></datafield><datafield tag="035" ind1=" " ind2=" "><subfield code="a">(RLIN)MIUH93-A182</subfield></datafield><datafield tag="040" ind1=" " ind2=" "><subfield code="a">MiU</subfield><subfield code="c">MiU</subfield><subfield code="e">appm</subfield></datafield><datafield tag="245" ind1="0" ind2="0"><subfield code="6">880-01</subfield><subfield code="a">Koran :</subfield><subfield code="k">manuscript,</subfield><subfield code="f">[1857].</subfield></datafield><datafield tag="300" ind1=" " ind2=" "><subfield code="a">1</subfield><subfield code="f">v. ([615] p.) ;</subfield><subfield code="c">19 cm</subfield></datafield><datafield tag="500" ind1=" " ind2=" "><subfield code="a">Text and sūra title rubricated; gold roundels at end of each verse; pages bordered in red, black, and gold; pp. 5-8 illuminated in colors with gold; roundels in margins indicate divisions of text into 30 equal sections.</subfield></datafield><datafield tag="500" ind1=" " ind2=" "><subfield code="a">ḥayātī wa-baʻd wafātī fī yad awlādī al-dhukūr wa-baʻd al-inqirāḍ fī yad aqrabāʼī min al-dhukūr....</subfield></datafield><datafield tag="500" ind1=" " ind2=" "><subfield code="a">Date, copyist's name, name of source of copy, and conditions of inheritance of this item in colophon (beg. p. 612): ḥarrarahu ... al-sayyid Muḥammad Amīn al-Ṣafwatī ibn Aḥmad bi-ḥāfiẓ al-Qurʼān Nān Zādah ... qad waqaʻa al-farāgh fī al-yawm al-ʻasharah min Jumāzī al-ākhir li-sanat thalāth wa-sabʻīn wa-miʼatayn wa-alf [i.e. 5 February 1857] ... qad waqaftu hādhā al-muṣḥaf al-sharīf ibtighāʼan li-mirḍāt Allāh taʻālá bi-sharṭ an yūjad wa-yuḥfaẓ fī yadī mā dumtu fī</subfield></datafield><datafield tag="538" ind1=" " ind2=" "><subfield code="a">Mode of access: Internet.</subfield></datafield><datafield tag="541" ind1=" " ind2=" "><subfield code="d">1914</subfield><subfield code="3">Manuscript</subfield><subfield code="a">David Emil Heineman</subfield><subfield code="c">Gift, 1914</subfield></datafield><datafield tag="561" ind1=" " ind2=" "><subfield code="a">Purchased in Cairo, 1914, by David E. Heineman, Detroit attorney.</subfield></datafield><datafield tag="630" ind1="0" ind2="0"><subfield code="a">Qurʼan</subfield><subfield code="x">Manuscripts, Arabic.</subfield></datafield><datafield tag="650" ind1=" " ind2="0"><subfield code="a">Manuscripts, Arabic</subfield><subfield code="z">Michigan</subfield><subfield code="z">Ann Arbor.</subfield></datafield><datafield tag="700" ind1="1" ind2=" "><subfield code="a">Heineman, David Emil,</subfield><subfield code="d">1865-1935,</subfield><subfield code="e">donor.</subfield></datafield><datafield tag="880" ind1="0" ind2="2"><subfield code="6">245-01/</subfield><subfield code="a">القرآن :</subfield><subfield code="k">manuscript،</subfield><subfield code="f">[1857].</subfield></datafield><datafield tag="CID" ind1=" " ind2=" "><subfield code="a">002641712</subfield></datafield><datafield tag="DAT" ind1="0" ind2=" "><subfield code="a">20190719102632.0</subfield><subfield code="b">20190719000000.0</subfield></datafield><datafield tag="DAT" ind1="1" ind2=" "><subfield code="a">20190719090653.0</subfield><subfield code="b">2019-07-19T16:10:45Z</subfield></datafield><datafield tag="DAT" ind1="2" ind2=" "><subfield code="a">2015-10-14T18:00:06Z</subfield></datafield><datafield tag="CAT" ind1=" " ind2=" "><subfield code="a">SDR-MIU</subfield><subfield code="d">EX LIBRIS - ALEPH</subfield><subfield code="l">prepare.pl-004-008</subfield></datafield><datafield tag="FMT" ind1=" " ind2=" "><subfield code="a">BK</subfield></datafield><datafield tag="HOL" ind1=" " ind2=" "><subfield code="0">sdr-miu002641712</subfield><subfield code="a">MiU</subfield><subfield code="b">SDR</subfield><subfield code="c">MIU</subfield><subfield code="p">mdp.39015081447552</subfield><subfield code="s">MIU</subfield><subfield code="1">002641712</subfield></datafield><datafield tag="974" ind1=" " ind2=" "><subfield code="b">MIU</subfield><subfield code="c">MIU</subfield><subfield code="d">20190719</subfield><subfield code="s">lit-dlps-dc</subfield><subfield code="u">mdp.39015081447552</subfield><subfield code="y">1857</subfield><subfield code="r">pd</subfield><subfield code="q">bib</subfield><subfield code="t">non-US bib date1 &lt; 1879</subfield></datafield></record></collection>